@online{LOC,
author = {Library of congress},
title = {Чудеса фотографии: восстановление фотографического наследия С. М. Прокудина-Горского},
url = {http://www.loc.gov/exhibits/empire/empire-ru.html}
}

@online{opencv,
author = {Satya Mallick},
title = {Histogram of Oriented Gradients},
url = {http://www.learnopencv.com/histogram-of-oriented-gradients/}
}

@online{skimage,
    author = {scikit-image},
    title = {skimage source code},
    url = {https://github.com/scikit-image/scikit-image}
}

@INPROCEEDINGS{hog,
    author = {Navneet Dalal and Bill Triggs},
    title = {Histograms of Oriented Gradients for Human Detection},
    booktitle = {CVPR},
    year = {2005},
    pages = {886--893}
}